@article{weinb2008,
author = { P.   Weinberger },
title = {All you need to know about the Dirac equation},
journal = {Philosophical Magazine},
volume = {88},
number = {18-20},
pages = {2585-2601},
year  = {2008},
publisher = {Taylor & Francis},
doi = {10.1080/14786430802247171},

URL = { 
        https://doi.org/10.1080/14786430802247171
    
},
eprint = { 
        https://doi.org/10.1080/14786430802247171
    
}
}

@article{silbar2010,
	doi = {10.1088/0143-0807/32/1/021},
	url = {https://doi.org/10.1088%2F0143-0807%2F32%2F1%2F021},
	year = 2010,
	month = {dec},
	publisher = {{IOP} Publishing},
	volume = {32},
	number = {1},
	pages = {217--233},
	author = {Richard R Silbar and T Goldman},
	title = {Solving the radial Dirac equations: a numerical odyssey},
	journal = {European Journal of Physics},
}

@book{gross1999, 
	year=1999,
	title={Relativistic quantum mechanics and field theory},
	author={Franz Gross},
	publisher={Wiley Interscience}
}